%% This BibTeX bibliography file was created using BibDesk.
%% http://bibdesk.sourceforge.net/


@ARTICLE{zuniga-etal-2018,
       author = {{Zuniga-Garcia}, Natalia and {Tec}, Mauricio and {Scott}, James G. and
        {Ruiz-Juri}, Natalia and {Machemehl}, Randy B.},
        title = "{Evaluation of Ride-Sourcing Search Frictions and Driver Productivity: A Spatial Denoising Approach}",
      journal = {arXiv e-prints},
     keywords = {Statistics - Applications},
         year = 2018,
        month = Sep,
          eid = {arXiv:1809.10329},
        pages = {arXiv:1809.10329},
archivePrefix = {arXiv},
       eprint = {1809.10329},
 primaryClass = {stat.AP},
       adsurl = {https://ui.adsabs.harvard.edu/\#abs/2018arXiv180910329Z},
      adsnote = {Provided by the SAO/NASA Astrophysics Data System}
}


@article{tansey-etal-2017,
    author = {Wesley Tansey and Alex Athey and Alex Reinhart and James G. Scott},
    title = {Multiscale Spatial Density Smoothing: An Application to Large-Scale Radiological Survey and Anomaly Detection},
    journal = {Journal of the American Statistical Association},
    volume = {112},
    number = {519},
    pages = {1047-1063},
    year  = {2017},
    publisher = {Taylor & Francis},
    doi = {10.1080/01621459.2016.1276461},
    url = {https://doi.org/10.1080/01621459.2016.1276461},
    eprint = {https://doi.org/10.1080/01621459.2016.1276461}
}

@misc{dataworld-2017,
    author = "data.world",
    title= {RideAustin Dataset},
    howpublished = {https://data.world/ride-austin},
    year = {2017},
    note = {Online; accessed 3 February 2019}
}

@article{bentley-1975,
 author = {Bentley, Jon Louis},
 title = {Multidimensional Binary Search Trees Used for Associative Searching},
 journal = {Commun. ACM},
 issue_date = {Sept. 1975},
 volume = {18},
 number = {9},
 month = sep,
 year = {1975},
 issn = {0001-0782},
 pages = {509--517},
 numpages = {9},
 url = {http://doi.acm.org/10.1145/361002.361007},
 doi = {10.1145/361002.361007},
 acmid = {361007},
 publisher = {ACM},
 address = {New York, NY, USA},
 keywords = {associative retrieval, attribute, binary search trees, binary tree insertion, information retrieval system, intersection queries, key, nearest neighbor queries, partial match queries},
} 

@ARTICLE{snoek-etal-2012,
       author = {{Snoek}, Jasper and {Larochelle}, Hugo and {Adams}, Ryan P.},
        title = "{Practical Bayesian Optimization of Machine Learning Algorithms}",
      journal = {arXiv e-prints},
     keywords = {Statistics - Machine Learning, Computer Science - Machine Learning},
         year = "2012",
        month = "Jun",
          eid = {arXiv:1206.2944},
        pages = {arXiv:1206.2944},
archivePrefix = {arXiv},
       eprint = {1206.2944},
 primaryClass = {stat.ML},
       adsurl = {https://ui.adsabs.harvard.edu/\#abs/2012arXiv1206.2944S},
      adsnote = {Provided by the SAO/NASA Astrophysics Data System}
}


@ARTICLE{7352306, 
author={B. {Shahriari} and K. {Swersky} and Z. {Wang} and R. P. {Adams} and N. {de Freitas}}, 
journal={Proceedings of the IEEE}, 
title={Taking the Human Out of the Loop: A Review of Bayesian Optimization}, 
year={2016}, 
volume={104}, 
number={1}, 
pages={148-175}, 
keywords={Bayes methods;Big Data;optimisation;storage allocation;Bayesian optimization;human productivity;product quality;storage architecture;large-scale heterogeneous computing;massive complex software system;Big data application;Big data;Bayes methods;Linear programming;Decision making;Design of experiments;Optimization;Genomes;Statistical analysis;decision making;design of experiments;optimization;response surface methodology;statistical learning;genomic medicine;Decision making;design of experiments;optimization;response surface methodology;statistical learning}, 
doi={10.1109/JPROC.2015.2494218}, 
ISSN={0018-9219}, 
month={Jan},}

@ARTICLE{shahriari-etal-2016, 
author={B. {Shahriari} and K. {Swersky} and Z. {Wang} and R. P. {Adams} and N. {de Freitas}}, 
journal={Proceedings of the IEEE}, 
title={Taking the Human Out of the Loop: A Review of Bayesian Optimization}, 
year={2016}, 
volume={104}, 
number={1}, 
pages={148-175}, 
keywords={Bayes methods;Big Data;optimisation;storage allocation;Bayesian optimization;human productivity;product quality;storage architecture;large-scale heterogeneous computing;massive complex software system;Big data application;Big data;Bayes methods;Linear programming;Decision making;Design of experiments;Optimization;Genomes;Statistical analysis;decision making;design of experiments;optimization;response surface methodology;statistical learning;genomic medicine;Decision making;design of experiments;optimization;response surface methodology;statistical learning}, 
doi={10.1109/JPROC.2015.2494218}, 
ISSN={0018-9219}, 
month={Jan},}

@techreport{nadeau-2017,
     title = {Living Wage Calculator: User's Guide, Update 2017},
     author = {Carey Anne {Nadeau}},
     year = {2017},
     institution = {Open Data Nation},
     url = {http://livingwage.mit.edu/counties/48453},
     note = {Online; accessed 1 March 2019}
} 

@techreport{hall-etal-2016,
 title = "An Analysis of the Labor Market for Uberâ€™s Driver-Partners in the United States",
 author = "Hall, Jonathan V and Krueger, Alan B",
 institution = "National Bureau of Economic Research",
 number = "22843",
 year = "2016",
 month = "November",
 doi = {10.3386/w22843},
 URL = "http://www.nber.org/papers/w22843"
}


@techreport{mishel-2018,
 title = "Uber drivers' compensation, wages, and the scale of Uber and the gig economy",
 author = "Lawrence {Mishel}",
 institution = "Economic Policy Institute",
 type = "Working Paper",
 series = "Working Paper Series",
 number = "145552",
 year = "2018",
 URL = "https://epi.org/145552"
}