%% This BibTeX bibliography file was created using BibDesk.
%% http://bibdesk.sourceforge.net/


@ARTICLE{zuniga-etal-2019,
       author = {{Zuniga-Garcia}, Natalia and {Tec}, Mauricio and {Scott}, James G. and
        {Ruiz-Juri}, Natalia and {Machemehl}, Randy B.},
        title = "{Evaluation of Ride-Sourcing Search Frictions and Driver Productivity: A Spatial Denoising Approach}",
      journal = {arXiv e-prints},
     keywords = {Statistics - Applications},
         year = 2019,
        month = Sep,
          eid = {arXiv:1809.10329},
        pages = {arXiv:1809.10329},
archivePrefix = {arXiv},
       eprint = {1809.10329},
 primaryClass = {stat.AP},
       adsurl = {https://ui.adsabs.harvard.edu/\#abs/2018arXiv180910329Z},
      adsnote = {Provided by the SAO/NASA Astrophysics Data System}
}


@article{tansey-etal-2017,
    author = {Wesley Tansey and Alex Athey and Alex Reinhart and James G. Scott},
    title = {Multiscale Spatial Density Smoothing: An Application to Large-Scale Radiological Survey and Anomaly Detection},
    journal = {Journal of the American Statistical Association},
    volume = {112},
    number = {519},
    pages = {1047-1063},
    year  = {2017},
    publisher = {Taylor & Francis},
    doi = {10.1080/01621459.2016.1276461},
    url = {https://doi.org/10.1080/01621459.2016.1276461},
    eprint = {https://doi.org/10.1080/01621459.2016.1276461}
}

@misc{dataworld-2017,
    author = "data.world",
    title= {RideAustin Dataset},
    howpublished = {https://data.world/ride-austin},
    year = {2017},
    note = {Online; accessed 3 February 2019}
}

@article{bentley-1975,
 author = {Bentley, Jon Louis},
 title = {Multidimensional Binary Search Trees Used for Associative Searching},
 journal = {Commun. ACM},
 issue_date = {Sept. 1975},
 volume = {18},
 number = {9},
 month = sep,
 year = {1975},
 issn = {0001-0782},
 pages = {509--517},
 numpages = {9},
 url = {http://doi.acm.org/10.1145/361002.361007},
 doi = {10.1145/361002.361007},
 acmid = {361007},
 publisher = {ACM},
 address = {New York, NY, USA},
 keywords = {associative retrieval, attribute, binary search trees, binary tree insertion, information retrieval system, intersection queries, key, nearest neighbor queries, partial match queries},
} 

@ARTICLE{snoek-etal-2012,
       author = {{Snoek}, Jasper and {Larochelle}, Hugo and {Adams}, Ryan P.},
        title = "{Practical Bayesian Optimization of Machine Learning Algorithms}",
      journal = {arXiv e-prints},
     keywords = {Statistics - Machine Learning, Computer Science - Machine Learning},
         year = "2012",
        month = "Jun",
          eid = {arXiv:1206.2944},
        pages = {arXiv:1206.2944},
archivePrefix = {arXiv},
       eprint = {1206.2944},
 primaryClass = {stat.ML},
       adsurl = {https://ui.adsabs.harvard.edu/\#abs/2012arXiv1206.2944S},
      adsnote = {Provided by the SAO/NASA Astrophysics Data System}
}

@techreport{shaheen-2016,
	Author = {Shaheen, Susan and Cohen, Adam and Zohdy, Ismail},
	Date-Modified = {2018-02-28 23:39:02 +0000},
	Institution = {U.S. Depatment of Transportation},
	Number = {FHWA-HOP-16-022},
	Rating = {0},
	Title = {Shared mobility: current practices and guiding principles},
	Year = {2016},
	url = {https://ops.fhwa.dot.gov/publications/fhwahop16022/index.htm}
}

@ARTICLE{li-2019,
       author = {{Li}, Sen and {Tavafoghi}, Hamidreza and {Poolla}, Kameshwar and
         {Varaiya}, Pravin},
        title = "{Regulating TNCs: Should Uber and Lyft Set Their Own Rules?}",
      journal = {arXiv e-prints},
         year = "2019",
        month = "Feb",
          eid = {arXiv:1902.01076},
        pages = {arXiv:1902.01076},
archivePrefix = {arXiv},
       eprint = {1902.01076},
 primaryClass = {math.OC},
       adsurl = {https://ui.adsabs.harvard.edu/abs/2019arXiv190201076L},
      adsnote = {Provided by the SAO/NASA Astrophysics Data System}
}

@article{ma-2018,
  title={Spatio-Temporal Pricing for Ridesharing Platforms},
  author={Ma, Hongyao and Fang, Fei and Parkes, David C},
  journal={arXiv preprint arXiv:1801.04015},
  year={2018}
}

@ARTICLE{shahriari-etal-2016, 
author={B. {Shahriari} and K. {Swersky} and Z. {Wang} and R. P. {Adams} and N. {de Freitas}}, 
journal={Proceedings of the IEEE}, 
title={Taking the Human Out of the Loop: A Review of Bayesian Optimization}, 
year={2016}, 
volume={104}, 
number={1}, 
pages={148-175}, 
keywords={Bayes methods;Big Data;optimisation;storage allocation;Bayesian optimization;human productivity;product quality;storage architecture;large-scale heterogeneous computing;massive complex software system;Big data application;Big data;Bayes methods;Linear programming;Decision making;Design of experiments;Optimization;Genomes;Statistical analysis;decision making;design of experiments;optimization;response surface methodology;statistical learning;genomic medicine;Decision making;design of experiments;optimization;response surface methodology;statistical learning}, 
doi={10.1109/JPROC.2015.2494218}, 
ISSN={0018-9219}, 
month={Jan},}

@techreport{nadeau-2017,
     title = {Living Wage Calculator: User's Guide, Update 2017},
     author = {Carey Anne {Nadeau}},
     year = {2017},
     institution = {Open Data Nation},
     url = {http://livingwage.mit.edu/counties/48453},
     note = {Online; accessed 1 March 2019}
} 

@techreport{hall-etal-2016,
 title = "An Analysis of the Labor Market for Uber’s Driver-Partners in the United States",
 author = "Hall, Jonathan V and Krueger, Alan B",
 institution = "National Bureau of Economic Research",
 number = "22843",
 year = "2016",
 month = "November",
 doi = {10.3386/w22843},
 URL = "http://www.nber.org/papers/w22843"
}


@techreport{mishel-2018,
 title = "Uber drivers' compensation, wages, and the scale of Uber and the gig economy",
 author = "Lawrence {Mishel}",
 institution = "Economic Policy Institute",
 type = "Working Paper",
 series = "Working Paper Series",
 number = "145552",
 year = "2018",
 URL = "https://epi.org/145552"
}

@article{tansey-scott-2015,
  title={A fast and flexible algorithm for the graph-fused lasso},
  author={Tansey, Wesley and Scott, James G},
  journal={arXiv preprint arXiv:1505.06475},
  year={2015}
}

@online{samuels-2017,
  title={Uber, Lyft Returning to Austin on Monday},
  url={https://www.texastribune.org/2017/05/25/uber-lyft-returning-austin-monday/},
  publisher={Texas Tribune},
  author={Samuels, Alex},
  year={2017},
  month={May}
}

@article{lavieri-2018,
  author = {Patrícia S. Lavieri and Felipe F. Dias and Natalia Ruiz Juri and James Kuhr and Chandra R. Bhat},
  title ={A Model of Ridesourcing Demand Generation and Distribution},
  journal = {Transportation Research Record},
  volume = {2672},
  number = {46},
  pages = {31-40},
  year = {2018},
  doi = {10.1177/0361198118756628}
}


@article{zou-2005,
  title={Regularization and variable selection via the elastic net},
  author={Zou, Hui and Hastie, Trevor},
  journal={Journal of the royal statistical society: series B (statistical methodology)},
  volume={67},
  number={2},
  pages={301--320},
  year={2005},
  publisher={Wiley Online Library}
}

@BOOK{cressie-1993,
  author= {Noel {Cressie}},
  title = {Statistics for Spatial Data},
  year = {1993},
  publisher = {J. Wiley}
}


@article{tibshirani-2015,
  title={Sparsity and smoothness via the fused lasso},
  author={Tibshirani, Robert and Saunders, Michael and Rosset, Saharon and Zhu, Ji and Knight, Keith},
  journal={Journal of the Royal Statistical Society: Series B (Statistical Methodology)},
  volume={67},
  number={1},
  pages={91--108},
  year={2005},
  publisher={Wiley Online Library}
}

@article{johnson-2013,
  title={A dynamic programming algorithm for the fused lasso and l 0-segmentation},
  author={Johnson, Nicholas A},
  journal={Journal of Computational and Graphical Statistics},
  volume={22},
  number={2},
  pages={246--260},
  year={2013},
  publisher={Taylor \& Francis Group}
}

@Article{heidenreich-2013,
  author="Heidenreich, Nils-Bastian and Schindler, Anja and Sperlich, Stefan",
  title="Bandwidth selection for kernel density estimation: a review of fully automatic selectors",
  journal="AStA Advances in Statistical Analysis",
  year="2013",
  month="Oct",
  day="01",
  volume="97",
  number="4",
  pages="403--433",
  issn="1863-818X",
  doi="10.1007/s10182-013-0216-y"
}


@article{bashtannyk-hyndman-2001,
  title={Bandwidth selection for kernal conditional density estimation},
  author={David M. Bashtannyk and Robin John Hyndman},
  year={2001},
  journal={Computational Statistics and Data Analysis},
  volume={36},
  number={3},
  pages={279--298}
}


@techreport{maceachern-2000,
  author = {Steven MacEachern},
  title = {Dependent Dirichlet Process},
  year = {2000},
  institution = {Ohio State University, Columbus, OH}
}

@article{getreuer-2012,
  title={Rudin-Osher-Fatemi total variation denoising using split Bregman},
  author={Getreuer, Pascal},
  journal={Image Processing On Line},
  volume={2},
  pages={74--95},
  year={2012}
}

@article{tibshirani-taylor-2011,
  author = "Tibshirani, Ryan J. and Taylor, Jonathan",
  doi = "10.1214/11-AOS878",
  fjournal = "The Annals of Statistics",
  journal = "Ann. Statist.",
  month = "06",
  number = "3",
  pages = "1335--1371",
  publisher = "The Institute of Mathematical Statistics",
  title = "The solution path of the generalized lasso",
  url = "https://doi.org/10.1214/11-AOS878",
  volume = "39",
  year = "2011"
}




@article{wohlberg2017admm,
  title={ADMM penalty parameter selection by residual balancing},
  author={Wohlberg, Brendt},
  journal={arXiv preprint arXiv:1704.06209},
  year={2017}
}


@article{ramdas-tibshirani-2016,
  author = {Aaditya Ramdas and Ryan J. Tibshirani},
  title = {Fast and Flexible ADMM Algorithms for Trend Filtering},
  journal = {Journal of Computational and Graphical Statistics},
  volume = {25},
  number = {3},
  pages = {839-858},
  year  = {2016},
  publisher = {Taylor & Francis},
  doi = {10.1080/10618600.2015.1054033},
  URL = {https://doi.org/10.1080/10618600.2015.1054033},
  eprint = {https://doi.org/10.1080/10618600.2015.1054033}
}


@article{tansey-2014,
  author = {Wesley Tansey and Oluwasanmi Koyejo and Russell A. Poldrack and James G. Scott},
  title = {False Discovery Rate Smoothing},
  journal = {Journal of the American Statistical Association},
  volume = {113},
  number = {523},
  pages = {1156-1171},
  year  = {2018},
  publisher = {Taylor & Francis},
  doi = {10.1080/01621459.2017.1319838},
  URL = {https://doi.org/10.1080/01621459.2017.1319838},
  eprint = {https://doi.org/10.1080/01621459.2017.1319838}
}

@article{wang-2016,
  author  = {Yu-Xiang Wang and James Sharpnack and Alexander J. Smola and Ryan J. Tibshirani},
  title   = {Trend Filtering on Graphs},
  journal = {Journal of Machine Learning Research},
  year    = {2016},
  volume  = {17},
  number  = {105},
  pages   = {1-41},
  url     = {http://jmlr.org/papers/v17/15-147.html}
}

@article{besag-1974,
    author = {J. {Besag}},
    title = {Spatial interaction and the statistical analysis of lattice systems},
    journal = {Journal of the Royal Statistical Society B},
    volume = 24,
    year = 1974,
    pages = {192--236}
}



@article{gelfand-2015,
  author = {Alan E Gelfand and Athanasios Kottas and Steven N MacEachern},
  title = {Bayesian Nonparametric Spatial Modeling With Dirichlet Process Mixing},
  journal = {Journal of the American Statistical Association},
  volume = {100},
  number = {471},
  pages = {1021-1035},
  year  = {2005},
  publisher = {Taylor & Francis},
  doi = {10.1198/016214504000002078},
  URL = {https://doi.org/10.1198/016214504000002078},
  eprint = {https://doi.org/10.1198/016214504000002078}
}


@article{reich-fuentes-2007,
  author = "Reich, Brian J. and Fuentes, Montserrat",
  doi = "10.1214/07-AOAS108",
  fjournal = "The Annals of Applied Statistics",
  journal = "Ann. Appl. Stat.",
  month = "06",
  number = "1",
  pages = "249--264",
  publisher = "The Institute of Mathematical Statistics",
  title = "A multivariate semiparametric Bayesian spatial modeling framework for hurricane surface wind fields",
  url = "https://doi.org/10.1214/07-AOAS108",
  volume = "1",
  year = "2007"
}


@article{rodriguez-2010,
  author = {Abel Rodríguez and David B. Dunson and Alan E. Gelfand},
  title = {Latent Stick-Breaking Processes},
  journal = {Journal of the American Statistical Association},
  volume = {105},
  number = {490},
  pages = {647-659},
  year  = {2010},
  publisher = {Taylor & Francis},
  doi = {10.1198/jasa.2010.tm08241},
  URL = {https://doi.org/10.1198/jasa.2010.tm08241},
  eprint = {https://doi.org/10.1198/jasa.2010.tm08241}
}

@article{boyd2011distributed,
  title={Distributed optimization and statistical learning via the alternating direction method of multipliers},
  author={Boyd, Stephen and Parikh, Neal and Chu, Eric and Peleato, Borja and Eckstein, Jonathan and others},
  journal={Foundations and Trends{\textregistered} in Machine learning},
  volume={3},
  number={1},
  pages={1--122},
  year={2011},
  publisher={Now Publishers, Inc.}
}

@article{li-2015,
  title={Bayesian models for detecting difference boundaries in areal data},
  author={Li, Pei and Banerjee, Sudipto and Hanson, Timothy A and McBean, Alexander M},
  journal={Statistica Sinica},
  pages={385--402},
  year={2015},
  publisher={JSTOR}
}


@inproceedings{parisotto-2019,
  title={Total Directional Variation for Video Denoising},
  author={Parisotto, Simone and Sch{\"o}nlieb, Carola-Bibiane},
  booktitle={International Conference on Scale Space and Variational Methods in Computer Vision},
  pages={522--534},
  year={2019},
  organization={Springer}
}


@article{rushworth-2017,
  title = {An adaptive spatiotemporal smoothing model for estimating trends and step changes in disease risk},  
  author={Rushworth, Alastair and Lee, Duncan and Sarran, Christophe},
  journal={Journal of the Royal Statistical Society: Series C (Applied Statistics)},
  volume={66},
  number={1},
  pages={141--157},
  year={2017},
  publisher={Wiley Online Library}
}ƒ

@article{katzfuss-cressie-2012,
  title={Bayesian hierarchical spatio-temporal smoothing for very large datasets},
  author={Katzfuss, Matthias and Cressie, Noel},
  journal={Environmetrics},
  volume={23},
  number={1},
  pages={94--107},
  year={2012},
  publisher={Wiley Online Library}
}

@article{zhang-2003,
  title={Smoothing for Spatiotemporal Models and Its Application to Modeling Muskrat-Mink Interaction},
  author={Zhang, Wenyang and Yao, Qiwei and Tong, Howell and Chr. Stenseth, Nils},
  journal={Biometrics},
  volume={59},
  number={4},
  pages={813--821},
  year={2003},
  publisher={Wiley Online Library}
}

@article{pnevmatikakis-2012,
  title={Fast spatiotemporal smoothing of calcium measurements in dendritic trees},
  author={Pnevmatikakis, Eftychios A and Kelleher, Keith and Chen, Rebecca and Saggau, Petter and Josi{\'c}, Kre{\v{s}}imir and Paninski, Liam},
  journal={PLoS computational biology},
  volume={8},
  number={6},
  pages={e1002569},
  year={2012},
  publisher={Public Library of Science}
}

@article{wernick-1999,
  title={Fast spatio-temporal image reconstruction for dynamic PET},
  author={Wernick, Miles N and Infusino, E James and Milosevic, Milos},
  journal={IEEE transactions on medical imaging},
  volume={18},
  number={3},
  pages={185--195},
  year={1999},
  publisher={IEEE}
}

@article{arias-morel-2018,
  title={Video denoising via empirical Bayesian estimation of space-time patches},
  author={Arias, Pablo and Morel, Jean-Michel},
  journal={Journal of Mathematical Imaging and Vision},
  volume={60},
  number={1},
  pages={70--93},
  year={2018},
  publisher={Springer}
}


@article{katzfuss-cressie-2011,
  title={Spatio-temporal smoothing and EM estimation for massive remote-sensing data sets},
  author={Katzfuss, Matthias and Cressie, Noel},
  journal={Journal of Time Series Analysis},
  volume={32},
  number={4},
  pages={430--446},
  year={2011},
  publisher={Wiley Online Library}
}

@article{ma-2019,
  title={Spatio-temporal data fusion for massive sea surface temperature data from MODIS and AMSR-E instruments},
  author={Ma, Pulong and Kang, Emily L},
  journal={arXiv preprint arXiv:1809.04389},
  year={2019}
}

@book{rue-held-2005,
  title={Gaussian Markov random fields: theory and applications},
  author={Rue, Havard and Held, Leonhard},
  year={2005},
  publisher={Chapman and Hall/CRC}
}

@article{xu-2015,
  title={A Bayesian spatio-temporal geostatistical model with an auxiliary lattice for large datasets},
  author={Xu, Ganggang and Liang, Faming and Genton, Marc G},
  journal={Statistica Sinica},
  pages={61--79},
  year={2015},
  publisher={JSTOR}
}

@techreport{fryzlewicz-nason-2002,
  title={A wavelet-fisz algorithm for poisson intensity estimation},
  author={Fryzlewicz, P and Nason, GP},
  institution={ Department of Mathematics, University of Bristol},
  year={2002}
}

@article{jansen-2006,
  title={Multiscale Poisson data smoothing},
  author={Jansen, Maarten},
  journal={Journal of the Royal Statistical Society: Series B (Statistical Methodology)},
  volume={68},
  number={1},
  pages={27--48},
  year={2006},
  publisher={Wiley Online Library}
}

@article{willett-nowak-2007,
  title={Multiscale Poisson intensity and density estimation},
  author={Willett, Rebecca M and Nowak, Robert D},
  journal={IEEE Transactions on Information Theory},
  volume={53},
  number={9},
  pages={3171--3187},
  year={2007},
  publisher={IEEE}
}

@article{mauldin-1992,
  title={Polya trees and random distributions},
  author={Mauldin, R Daniel and Sudderth, William D and Williams, SC and others},
  journal={The Annals of Statistics},
  volume={20},
  number={3},
  pages={1203--1221},
  year={1992},
  publisher={Institute of Mathematical Statistics}
}

@article{lavine-1992,
  title={Some aspects of Polya tree distributions for statistical modelling},
  author={Lavine, Michael and others},
  journal={The annals of statistics},
  volume={20},
  number={3},
  pages={1222--1235},
  year={1992},
  publisher={Institute of Mathematical Statistics}
}

@article{lavine-1994,
  title={More aspects of Polya tree distributions for statistical modelling},
  author={Lavine, Michael and others},
  journal={The Annals of Statistics},
  volume={22},
  number={3},
  pages={1161--1176},
  year={1994},
  publisher={Institute of Mathematical Statistics}
}

@article{zhao-hanson-2011,
  title={Spatially dependent Polya tree modeling for survival data},
  author={Zhao, Luping and Hanson, Timothy E},
  journal={Biometrics},
  volume={67},
  number={2},
  pages={391--403},
  year={2011},
  publisher={Wiley Online Library}
}

@article{learning,
  title={Learning by driving: Productivity improvements by new york city taxi drivers},
  author={Haggag, Kareem and McManus, Brian and Paci, Giovanni},
  journal={American Economic Journal: Applied Economics},
  volume={9},
  number={1},
  pages={70--95},
  year={2017}
}

@article{capacity,
  title={{Disruptive change in the taxi business: The case of Uber}},
  author={Cramer, Judd and Krueger, Alan B},
  journal={American Economic Review},
  volume={106},
  number={5},
  pages={177--82},
  year={2016}
}

@article{idle,
  title={{Nearest driver-FIFO combination model in online motorcycle taxi dispatch system}},
  author={Kusuma, Purba Daru},
  journal={Journal of Theoretical and Applied Information Technology},
  volume={95},
  number={22},
  pages={6236--6247},
  year={2017}
}

@article{collaborative,
  title={{A collaborative multiagent taxi-dispatch system}},
  author={Seow, Kiam Tian and Dang, Nam Hai and Lee, Der-Horng},
  journal={IEEE Transactions on Automation Science and Engineering},
  volume={7},
  number={3},
  pages={607--616},
  year={2009},
  publisher={IEEE}
}

@article{fuel,
  title={Optimal vehicle routing with real-time traffic information},
  author={Kim, Seongmoon and Lewis, Mark E and White, Chelsea C},
  journal={IEEE Transactions on Intelligent Transportation Systems},
  volume={6},
  number={2},
  pages={178--188},
  year={2005},
  publisher={IEEE}
}

@article{can,
  title={{How can the taxi industry survive the tide of ridesourcing? Evidence from Shenzhen, China}},
  author={Nie, Yu Marco},
  journal={Transportation Research Part C: Emerging Technologies},
  volume={79},
  pages={242--256},
  year={2017},
  publisher={Elsevier}
}

@article{spatial3,
  title={Pricing and penalty/compensation strategies of a taxi-hailing platform},
  author={He, Fang and Wang, Xiaolei and Lin, Xi and Tang, Xindi},
  journal={Transportation Research Part C: Emerging Technologies},
  volume={86},
  pages={263--279},
  year={2018},
  publisher={Elsevier}
}

@article{spatial2,
  title={Spatial pricing in ride-sharing networks},
  author={Bimpikis, Kostas and Candogan, Ozan and Daniela, Saban},
  journal = {Working paper, Stanford Graduate School of Business},
  year={2016}
}


@techreport{spatial4,
  title={Spatial equilibrium, search frictions and efficient regulation in the taxi industry},
  author={Buchholz, Nicholas},
  year={2015},
  institution={Technical report, University of Texas at Austin}
}

@article{spatial5,
  title={Geometric Matching and Spatial Pricing in Ride-Sourcing Markets},
  author={Zha, Liteng and Yin, Yafeng and Xu, Zhengtian},
  journal={Transportation Research Part C: Emerging Technologies},
  volume={92},
  pages={58--75},
  year={2018},
  publisher={Elsevier}
}

@article{spatial6,
  title={Density of Demand and the Benefit of Uber},
  author={Shapiro, Matthew H}
}

@inproceedings{spatia7,
  title={Prices and subsidies in the sharing economy},
  author={Fang, Zhixuan and Huang, Longbo and Wierman, Adam},
  booktitle={Proceedings of the 26th International Conference on World Wide Web},
  pages={53--62},
  year={2017},
  organization={International World Wide Web Conferences Steering Committee}
}

@article{friction8,
  title={Search Frictions, Network Effects and Spatial Competition- Taxis versus Uber},
  author={Bian,Bo},
  journal = {Working paper, Pennsylvania State University Department of Economics}, 
  year={2018}
}

@article{spatial11,
  title={Pricing and optimization in shared vehicle systems: An approximation framework},
  author={Banerjee, Siddhartha and Freund, Daniel and Lykouris, Thodoris},
  journal={arXiv preprint arXiv:1608.06819},
  year={2016}
}

@techreport{spatial12,
  title={Pricing Strategies for an E-hailing Platform in Taxi Service},
  author={Wang, Xiaolei and He, Fang and Gao, H Oliver},
  Journal = {Transportation Research Board 95th Annual Meeting Paper 16-4914},
  year={2016}
}


@techreport{ignorance,
  title={Ignorance is strength: Improving the performance of matching markets by limiting information},
  author={Romanyuk, Gleb},
  year={2017},
  institution={Working Paper, Harvard Univeristy, Cambridge, MA}
}

@misc{short,
  author = {Harry Campbell},
  title = {{Why can’t Uber drivers see the passenger’s destination before accepting a trip?}},
  url = {https://maximumridesharingprofits.com/cant-uber-drivers-see-passengers-destination-accepting-trip/},
year={2017}
}

@ misc{filter1,
  author = {Jay Cradeur},
  title = {{Big changes could be coming to Uber’s destination filter}},
  url = {https://therideshareguy.com/changes-to-ubers-destination-filter/},
year={2019}
}

@ misc{lyft,
  title={How to use Destination Mode},
  author={Lyft},
  year={2019},
  url={https://help.lyft.com/hc/en-us/articles/115013081128-How-to-use-Destination-Mode}
}

@techreport{gender,
  title={The gender earnings gap in the gig economy: Evidence from over a million rideshare drivers},
  author={Cook, Cody and Diamond, Rebecca and Hall, Jonathan and List, John A and Oyer, Paul},
  year={2018},
  institution={National Bureau of Economic Research}
}

@ misc{filter2,
  author = {Christian Perea},
  title = {Uber Drops Destination Filters Back to two Trips Per Day},
  url = {https://therideshareguy.com/uber-drops-destination-filters-back-to-2-trips-per-day/},
year={2017}
}


@article{spatial15,
  title={Surge Pricing and its Spatial Supply Response},
  author={Castro, Francisco and Besbes, Omar and Lobel, Ilan},
  year={2018},
  url = {https://ssrn.com/abstract=3124571},
  journal={Columbia Business School Research Paper No. 18-25},
}


@article{friction9,
  title={Nonlinear pricing of taxi services},
  author={Yang, Hai and Fung, CS and Wong, KI and Wong, Sze Chun},
  journal={Transportation Research Part A: Policy and Practice},
  volume={44},
  number={5},
  pages={337--348},
  year={2010},
  publisher={Elsevier}
}


@inproceedings{sadhanala-2016,
  title={Total variation classes beyond 1d: Minimax rates, and the limitations of linear smoothers},
  author={Sadhanala, Veeranjaneyulu and Wang, Yu-Xiang and Tibshirani, Ryan J},
  booktitle={Advances in Neural Information Processing Systems},
  pages={3513--3521},
  year={2016}
}

@article{cressie-huang-1999,
  title={Classes of nonseparable, spatio-temporal stationary covariance functions},
  author={Cressie, Noel and Huang, Hsin-Cheng},
  journal={Journal of the American Statistical Association},
  volume={94},
  number={448},
  pages={1330--1339},
  year={1999},
  publisher={Taylor \& Francis Group}
}

@article{allcroft-glasbey-2003,
  title={A latent Gaussian Markov random-field model for spatiotemporal rainfall disaggregation},
  author={Allcroft, David J and Glasbey, Chris A},
  journal={Journal of the Royal Statistical Society: Series C (Applied Statistics)},
  volume={52},
  number={4},
  pages={487--498},
  year={2003},
  publisher={Wiley Online Library}
}

@article{stroud-2001,
  title={Dynamic models for spatiotemporal data},
  author={Stroud, Jonathan R and M{\"u}ller, Peter and Sans{\'o}, Bruno},
  journal={Journal of the Royal Statistical Society: Series B (Statistical Methodology)},
  volume={63},
  number={4},
  pages={673--689},
  year={2001},
  publisher={Wiley Online Library}
}

@book{cressie-wikle-2011,
  title={Statistics for Spatio-Temporal Data},
  author={Cressie, N and Wikle, CK},
  publisher={John Wiley \& Sons},
  year={2011}
}

@article{hochbaum-2001,
  title={An efficient algorithm for image segmentation, Markov random fields and related problems},
  author={Hochbaum, Dorit S},
  journal={Journal of the ACM (JACM)},
  volume={48},
  number={4},
  pages={686--701},
  year={2001},
  publisher={ACM}
}

@article{chambolle-darbon-2009,
  title={On total variation minimization and surface evolution using parametric maximum flows},
  author={Chambolle, Antonin and Darbon, J{\'e}r{\^o}me},
  journal={International journal of computer vision},
  volume={84},
  number={3},
  pages={288},
  year={2009},
  publisher={Springer}
}

@article{cressie-2010,
  title={Fixed rank filtering for spatio-temporal data},
  author={Cressie, Noel and Shi, Tao and Kang, Emily L},
  journal={Journal of Computational and Graphical Statistics},
  volume={19},
  number={3},
  pages={724--745},
  year={2010},
  publisher={Taylor \& Francis}
}

@article{finley-2012,
  title={Bayesian dynamic modeling for large space-time datasets using Gaussian predictive processes},
  author={Finley, Andrew O and Banerjee, Sudipto and Gelfand, Alan E},
  journal={Journal of geographical systems},
  volume={14},
  number={1},
  pages={29--47},
  year={2012},
  publisher={Springer}
}

@article{yasuda-2018,
  title={Linear-Time Algorithm in Bayesian Image Denoising based on Gaussian Markov Random Field},
  author={Yasuda, Muneki and Watanabe, Junpei and Kataoka, Shun and Tanaka, Kazuyuki},
  journal={IEICE TRANSACTIONS on Information and Systems},
  volume={101},
  number={6},
  pages={1629--1639},
  year={2018},
  publisher={The Institute of Electronics, Information and Communication Engineers}
}

@inproceedings{chen-tang-2007,
  title={Spatio-temporal markov random field for video denoising},
  author={Chen, Jia and Tang, Chi-Keung},
  booktitle={2007 IEEE Conference on Computer Vision and Pattern Recognition},
  pages={1--8},
  year={2007},
  organization={IEEE}
}

@article{barbero-sra-2018,
  title={Modular proximal optimization for multidimensional total-variation regularization},
  author={Barbero, Alvaro and Sra, Suvrit},
  journal={The Journal of Machine Learning Research},
  volume={19},
  number={1},
  pages={2232--2313},
  year={2018},
  publisher={JMLR. org}
}

@article{welch-1995,
  title={An introduction to the Kalman filter},
  author={Welch, Greg and Bishop, Gary and others},
  year={1995},
  publisher={Los Angeles, CA}
}

@article{brown2015building,
  title={Building a balanced kd tree in o (kn log n) time},
  author={Brown, Russell A},
  journal={Journal of Computer Graphics Techniques (JCGT)},
  volume={4},
  number={1},
  year={2015},
  pages={50--68}
}

@article{bentley1975multidimensional,
  title={Multidimensional binary search trees used for associative searching},
  author={Bentley, Jon Louis},
  journal={Communications of the ACM},
  volume={18},
  number={9},
  pages={509--517},
  year={1975},
  publisher={ACM}
}

@article{ando2011predictive,
  title={Predictive Bayesian model selection},
  author={Ando, Tomohiro},
  journal={American Journal of Mathematical and Management Sciences},
  volume={31},
  number={1-2},
  pages={13--38},
  year={2011},
  publisher={Taylor \& Francis}
}

@article{arlot2010survey,
  title={A survey of cross-validation procedures for model selection},
  author={Arlot, Sylvain and Celisse, Alain and others},
  journal={Statistics surveys},
  volume={4},
  pages={40--79},
  year={2010}
}

@ misc{smithuber,
  title={Amazing Uber Stats and Facts (2019)},
  author={Smith, C},
  year={2019},
  url = {https://expandedramblings.com/index.php/uber-statistics/}
}